<collection>
<record>
<leader>04684cpc a22007217a 4500</leader>
<controlfield tag="001">11800706</controlfield>
<controlfield tag="005">20171023170849.0</controlfield>
<controlfield tag="007">st o|ndmb||||e</controlfield>
<controlfield tag="008">990511i19771991jm cpe </controlfield>
<datafield ind1=" " ind2=" " tag="906">
<subfield code="a">7</subfield>
<subfield code="b">cbc</subfield>
<subfield code="c">orignew</subfield>
<subfield code="d">1</subfield>
<subfield code="e">ncip</subfield>
<subfield code="f">19</subfield>
<subfield code="g">y-folklife</subfield>
</datafield>
<datafield ind1=" " ind2=" " tag="955">
<subfield code="a">
mfor ?/?/95; shal 10/01/99; cker 12/13/99; kblu 02-04-00; mkru 2004-07-23; mkru 2004-09-30; mkru 2005-07-13; mkru 2009-09-16
</subfield>
<subfield code="a">mkru 2012-12-18</subfield>
<subfield code="a">mkru 2017-10-23</subfield>
</datafield>
<datafield ind1=" " ind2=" " tag="010">
<subfield code="a"> 2004695191</subfield>
</datafield>
<datafield ind1=" " ind2=" " tag="035">
<subfield code="a">afc95000013</subfield>
</datafield>
<datafield ind1=" " ind2=" " tag="035">
<subfield code="a">89929</subfield>
</datafield>
<datafield ind1=" " ind2=" " tag="040">
<subfield code="a">DLC</subfield>
<subfield code="c">DLC</subfield>
<subfield code="e">appm</subfield>
<subfield code="d">DLC</subfield>
</datafield>
<datafield ind1="0" ind2=" " tag="041">
<subfield code="a">eng</subfield>
<subfield code="d">cpe</subfield>
</datafield>
<datafield ind1=" " ind2=" " tag="043">
<subfield code="a">nwjm---</subfield>
</datafield>
<datafield ind1=" " ind2=" " tag="090">
<subfield code="a">VAP 3386-3388 (VHS shelflist)</subfield>
</datafield>
<datafield ind1=" " ind2=" " tag="090">
<subfield code="a">
AFS 21959-21987; RWA 6073-6101 (preservation tapes)
</subfield>
</datafield>
<datafield ind1=" " ind2=" " tag="090">
<subfield code="a">AFC 1983/008:MV1-MV3 (video recordings)</subfield>
</datafield>
<datafield ind1=" " ind2=" " tag="090">
<subfield code="a">AFC 1983/008</subfield>
</datafield>
<datafield ind1="0" ind2="0" tag="245">
<subfield code="a">Kenneth M. Bilby Jamaican Maroon collection,</subfield>
<subfield code="f">1977-1991 /</subfield>
<subfield code="c">collected by Kenneth M. Bilby.</subfield>
</datafield>
<datafield ind1=" " ind2="0" tag="264">
<subfield code="c">1977-1991.</subfield>
</datafield>
<datafield ind1=" " ind2=" " tag="300">
<subfield code="3">manuscripts</subfield>
<subfield code="a">1</subfield>
<subfield code="f">box.</subfield>
</datafield>
<datafield ind1=" " ind2=" " tag="300">
<subfield code="a">29 sound tape reels :</subfield>
<subfield code="b">analog, 7 1/2 ips, 2 track ;</subfield>
<subfield code="c">10 in.</subfield>
</datafield>
<datafield ind1=" " ind2=" " tag="300">
<subfield code="a">3 videocassettes (VHS) :</subfield>
<subfield code="b">sound, color ;</subfield>
<subfield code="c">1/2 in.</subfield>
</datafield>
<datafield ind1=" " ind2=" " tag="351">
<subfield code="a">
Organized by format into the following series: I. Manuscripts; II. Sound Recordings; III. Moving Images.
</subfield>
</datafield>
<datafield ind1=" " ind2=" " tag="500">
<subfield code="a">
Sound recordings were made in 1977 and 1978 by Kenneth M. Bilby as part of his fieldwork research for a master's thesis in anthropology from Wesleyan University. He recorded the video with Diana Baird N'Diaye in late 1991 as part of the fieldwork documentation for the Maroon Program at the 1992 Smithsonian Festival of American Folklife.
</subfield>
</datafield>
<datafield ind1=" " ind2=" " tag="500">
<subfield code="a">
Collection includes a copy of Kenneth M. Bilby's master's thesis, "Partisan Spirits: Ritual Interaction and Maroon Identity in Eastern Jamaica," Wesleyan University, 1979.
</subfield>
</datafield>
<datafield ind1=" " ind2=" " tag="520">
<subfield code="a">
An ethnographic field collection of sound recordings, moving images, and accompanying materials that document the music and dance of Jamaican Maroons, particularly the Kromanti Dance ritual complex. The sound recordings include examples of various "pleasure" (yanga) and "business" (nyaba) styles of dance and music such as Jawbone, Sa Leone, Mandinga, Tambu, Prapa, and Ibo. Videorecordings made in 1991 in Jamaica as fieldwork documentation for the Smithsonian Folklife Festival provide visual documentation of a staged dance performance and annual Nanny Day celebration.
</subfield>
</datafield>
<datafield ind1=" " ind2=" " tag="534">
<subfield code="p">Original sound masters on</subfield>
<subfield code="e">40 sound tape reels : analog ; 5 in.</subfield>
</datafield>
<datafield ind1=" " ind2=" " tag="534">
<subfield code="p">Original video masters on</subfield>
<subfield code="e">3 videocassettes (Hi-8) : digital.</subfield>
</datafield>
<datafield ind1="0" ind2=" " tag="506">
<subfield code="a">
Collection is open for research. To request materials, please contact the Folklife Reading Room at
</subfield>
<subfield code="u">http://hdl.loc.gov/loc.afc/folklife.contact</subfield>
</datafield>
<datafield ind1=" " ind2=" " tag="540">
<subfield code="a">
Duplication of collection materials is governed by copyright and other restrictions and requires permission of the collector, whose address is available in the Folklife Reading Room, Library of Congress.
</subfield>
</datafield>
<datafield ind1=" " ind2=" " tag="541">
<subfield code="3">Sound recordings:</subfield>
<subfield code="a">Kenneth M. Bilby;</subfield>
<subfield code="c">Loan for duplication;</subfield>
<subfield code="d">1983.</subfield>
</datafield>
<datafield ind1=" " ind2=" " tag="541">
<subfield code="3">Videocassettes:</subfield>
<subfield code="a">
Ralph Rinzler Folklife Archives and Collections, Center for Folklife and Cultural Heritage, Smithsonian Institution;
</subfield>
<subfield code="c">Loan for duplication;</subfield>
<subfield code="d">1994.</subfield>
</datafield>
<datafield ind1=" " ind2=" " tag="546">
<subfield code="3">Manuscripts</subfield>
<subfield code="a">in English.</subfield>
</datafield>
<datafield ind1=" " ind2=" " tag="546">
<subfield code="3">Sound recordings</subfield>
<subfield code="a">
in Jamaican Creole, Kromanti, and Maroon Spirit Language.
</subfield>
</datafield>
<datafield ind1="8" ind2=" " tag="555">
<subfield code="a">
Finding aid is available in the Folklife Reading Room and online via the American Folklife Center web pages.
</subfield>
</datafield>
<datafield ind1="1" ind2="0" tag="600">
<subfield code="a">Bilby, Kenneth M.,</subfield>
<subfield code="d">1953-</subfield>
<subfield code="x">Ethnomusicological collections.</subfield>
</datafield>
<datafield ind1=" " ind2="0" tag="650">
<subfield code="a">Maroons</subfield>
<subfield code="z">Jamaica</subfield>
<subfield code="v">Music.</subfield>
</datafield>
<datafield ind1=" " ind2="0" tag="650">
<subfield code="a">Folk songs, Creole</subfield>
<subfield code="z">Jamaica.</subfield>
</datafield>
<datafield ind1=" " ind2="0" tag="650">
<subfield code="a">Dance</subfield>
<subfield code="z">Jamaica.</subfield>
</datafield>
<datafield ind1=" " ind2="0" tag="650">
<subfield code="a">Maroons</subfield>
<subfield code="z">Jamaica</subfield>
<subfield code="x">Religion.</subfield>
</datafield>
<datafield ind1=" " ind2="0" tag="650">
<subfield code="a">Maroons</subfield>
<subfield code="z">Jamaica</subfield>
<subfield code="x">Rites and ceremonies.</subfield>
</datafield>
<datafield ind1=" " ind2="0" tag="650">
<subfield code="a">Maroons</subfield>
<subfield code="z">Jamaica</subfield>
<subfield code="x">Ethnic identity.</subfield>
</datafield>
<datafield ind1=" " ind2="0" tag="650">
<subfield code="a">Maroons</subfield>
<subfield code="z">Jamaica</subfield>
<subfield code="x">Social life and customs.</subfield>
</datafield>
<datafield ind1=" " ind2="0" tag="650">
<subfield code="a">Kumina (Cult)</subfield>
<subfield code="z">Jamaica.</subfield>
</datafield>
<datafield ind1=" " ind2="0" tag="651">
<subfield code="a">Jamaica</subfield>
<subfield code="x">Social life and customs.</subfield>
</datafield>
<datafield ind1=" " ind2="0" tag="651">
<subfield code="a">Jamaica</subfield>
<subfield code="x">Religious life and customs.</subfield>
</datafield>
<datafield ind1=" " ind2="7" tag="655">
<subfield code="a">Sound recordings.</subfield>
<subfield code="2">lcgft</subfield>
</datafield>
<datafield ind1=" " ind2="7" tag="655">
<subfield code="a">Ethnography.</subfield>
<subfield code="2">aat</subfield>
</datafield>
<datafield ind1=" " ind2="7" tag="655">
<subfield code="a">Manuscripts.</subfield>
<subfield code="2">aat</subfield>
</datafield>
<datafield ind1=" " ind2="7" tag="655">
<subfield code="a">Videocassettes.</subfield>
<subfield code="2">aat</subfield>
</datafield>
<datafield ind1=" " ind2="7" tag="655">
<subfield code="a">Field recordings.</subfield>
<subfield code="2">lcgft</subfield>
</datafield>
<datafield ind1="1" ind2=" " tag="700">
<subfield code="a">Bilby, Kenneth M.,</subfield>
<subfield code="d">1953-</subfield>
<subfield code="e">collector.</subfield>
</datafield>
<datafield ind1="2" ind2=" " tag="711">
<subfield code="a">Smithsonian Folklife Festival,</subfield>
<subfield code="j">collector.</subfield>
</datafield>
<datafield ind1="0" ind2=" " tag="774">
<subfield code="t">
Partisan spirits : ritual interaction and Maroon identity in eastern Jamaica
</subfield>
<subfield code="w">(DLC) 2009655413</subfield>
</datafield>
<datafield ind1=" " ind2=" " tag="852">
<subfield code="a">Library of Congress</subfield>
<subfield code="b">Archive of Folk Culture, American Folklife Center,</subfield>
<subfield code="e">
101 Independence Ave. S.E., Washington, DC USA 20540-4610
</subfield>
<subfield code="u">http://hdl.loc.gov/loc.afc/folklife.home</subfield>
</datafield>
<datafield ind1="4" ind2="2" tag="856">
<subfield code="3">Finding aid</subfield>
<subfield code="u">http://hdl.loc.gov/loc.afc/eadafc.af002001</subfield>
</datafield>
<datafield ind1=" " ind2=" " tag="985">
<subfield code="a">AFC/Bilby Jamaican</subfield>
<subfield code="e">DHC</subfield>
</datafield>
<datafield ind1=" " ind2=" " tag="985">
<subfield code="a">afc/ead</subfield>
</datafield>
<datafield ind1=" " ind2=" " tag="985">
<subfield code="a">afc/coll</subfield>
</datafield>
</record>
</collection>